@article{skipping_dwt,
author  = {Roman Starosolski},
title   = {Skipping Selected Steps of DWT Computation in Lossless JPEG 2000 for Improved Bitrates},
journal = {Plos one},
year    = {2016},
}

@article{practical_dwt,
author  = {Roman Starosolski},
title   = {A Practical Application of Skipped Steps DWT in JPEG 2000 Part 2-Compliant Compressor},
journal = {Springer Link},
year    = {2018},
}

@article{denoising,
author  = {Roman Starosolski},
title   = {Reversible denoising and lifting based color component transformation for lossless image compression},
journal = {Springer Link},
year    = {2019},
}

@book{cpp_language_bjarne,
author    = {Bjarne Stroustrup},
title     = {The C++ Programming Language},
publisher = {Pearson Education},
year      = {2013},
}

@book{cpp_tour_bjarne,
author    = {Bjarne Stroustrup},
title     = {A Tour of C++},
publisher = {Pearson Education},
year      = {2013},
}

@book{cpp_meyers,
author    = {Scott Meyers},
title     = {Effective Modern C++},
publisher = {Oâ€™Reilly Media},
year      = {2014},
}

@book{cpp_concurrency,
author    = {Anthony Williams},
title     = {C++ Concurrency in Action},
publisher = {Manning Publications},
year      = {2019},
}

@misc{cppreference,
title        = {C++ reference},
howpublished = {\url{https://en.cppreference.com/}},
note         = {[Latest available: 20.09.2020]},
}

@misc{cmake,
title        = {CMake},
howpublished = {\url{https://cmake.org/}},
note         = {[Latest available: 20.09.2020]},
}

@misc{python,
title        = {Python},
howpublished = {\url{https://www.python.org/}},
note         = {[Latest available: 20.09.2020]},
}

@misc{jpeg2000,
title        = {JPEG 2000},
howpublished = {\url{https://en.wikipedia.org/wiki/JPEG_2000/}},
note         = {[Latest available: 20.09.2020]},
}

@misc{kakadu,
title        = {Kakadu},
howpublished = {\url{https://kakadusoftware.com/}},
note         = {[Latest available: 20.09.2020]},
}
